@article{yang14_advan_pitfal_applic_mixed_model_assoc_method,
  author =       {Jian Yang and Noah A Zaitlen and Michael E Goddard and Peter M
                  Visscher and Alkes L Price},
  title =        {Advantages and Pitfalls in the Application of Mixed-Model
                  Association Methods},
  journal =      {Nature Genetics},
  volume =       46,
  number =       2,
  pages =        {100-106},
  year =         2014,
  doi =          {10.1038/ng.2876},
  url =          {https://doi.org/10.1038/ng.2876},
  DATE_ADDED =   {Tue Jan 3 18:12:32 2017},
}

@article{rellstab15_pract_guide_to_envir_assoc,
  author =       {Christian Rellstab and Felix Gugerli and Andrew J. Eckert and
                  Angela M. Hancock and Rolf Holderegger},
  title =        {A Practical Guide To Environmental Association Analysis in
                  Landscape Genomics},
  journal =      {Molecular Ecology},
  volume =       24,
  number =       17,
  pages =        {4348-4370},
  year =         2015,
  doi =          {10.1111/mec.13322},
  url =          {https://doi.org/10.1111/mec.13322},
  DATE_ADDED =   {Tue Jan 3 18:38:34 2017},
}

@phdthesis{thesis_Devillemereuil_2016,
  TITLE = {{Methods to study local adaptation and application to the context of high elevation in the Alpine plant Arabis alpina}},
  AUTHOR = {Villemereuil, Pierre de},
  URL = {https://tel.archives-ouvertes.fr/tel-01322336},
  NUMBER = {2016GREAS003},
  SCHOOL = {{Universit{\'e} Grenoble Alpes}},
  YEAR = {2016},
  MONTH = Jan,
  KEYWORDS = {Local Adaptation ; Population Genomics ; Quantitative Genetics ; Common garden ; Arabis alpina ; Statistical models ; Adaptation locale ; G{\'e}nomique des populations ; G{\'e}n{\'e}tique quantitative ; Jardin Commun ; Mod{\`e}les statistiques},
  TYPE = {Theses},
  PDF = {https://tel.archives-ouvertes.fr/tel-01322336/file/DEVILLEMEREUIL_2016_archivage.pdf},
  HAL_ID = {tel-01322336},
  HAL_VERSION = {v1},
}

@article{jaffe14_accoun_cellul_heter_is_critic,
  author =       {Andrew E Jaffe and Rafael A Irizarry},
  title =        {Accounting for Cellular Heterogeneity Is Critical in
                  Epigenome-Wide Association Studies},
  journal =      {Genome Biology},
  volume =       15,
  number =       2,
  pages =        {R31},
  year =         2014,
  doi =          {10.1186/gb-2014-15-2-r31},
  url =          {https://doi.org/10.1186/gb-2014-15-2-r31},
  DATE_ADDED =   {Tue Jan 3 18:57:08 2017},
}

@article{wahl16_epigen_wide_assoc_study_body,
  author =       {Simone Wahl and Alexander Drong and Benjamin Lehne and Marie
                  Loh and William R. Scott and Sonja Kunze and Pei-Chien Tsai
                  and Janina S. Ried and Weihua Zhang and Youwen Yang and Sili
                  Tan and Giovanni Fiorito and Lude Franke and Simonetta
                  Guarrera and Silva Kasela and Jennifer Kriebel and Rebecca C.
                  Richmond and Marco Adamo and Uzma Afzal and Mika Ala-Korpela
                  and Benedetta Albetti and Ole Ammerpohl and Jane F. Apperley
                  and Marian Beekman and Pier Alberto Bertazzi and S. Lucas
                  Black and Christine Blancher and Marc-Jan Bonder and Mario
                  Brosch and Maren Carstensen-Kirberg and Anton J. M. de Craen
                  and Simon de Lusignan and Abbas Dehghan and Mohamed Elkalaawy
                  and Krista Fischer and Oscar H. Franco and Tom R. Gaunt and
                  Jochen Hampe and Majid Hashemi and Aaron Isaacs and Andrew
                  Jenkinson and Sujeet Jha and Norihiro Kato and Vittorio Krogh
                  and Michael Laffan and Christa Meisinger and Thomas Meitinger
                  and Zuan Yu Mok and Valeria Motta and Hong Kiat Ng and
                  Zacharoula Nikolakopoulou and Georgios Nteliopoulos and
                  Salvatore Panico and Natalia Pervjakova and Holger Prokisch
                  and Wolfgang Rathmann and Michael Roden and Federica Rota and
                  Michelle Ann Rozario and Johanna K. Sandling and Clemens
                  Schafmayer and Katharina Schramm and Reiner Siebert and P.
                  Eline Slagboom and Pasi Soininen and Lisette Stolk and
                  Konstantin Strauch and E-Shyong Tai and Letizia Tarantini and
                  Barbara Thorand and Ettje F. Tigchelaar and Rosario Tumino and
                  Andre G. Uitterlinden and Cornelia van Duijn and Joyce B. J.
                  van Meurs and Paolo Vineis and Ananda Rajitha Wickremasinghe
                  and Cisca Wijmenga and Tsun-Po Yang and Wei Yuan and Alexandra
                  Zhernakova and Rachel L. Batterham and George Davey Smith and
                  Panos Deloukas and Bastiaan T. Heijmans and Christian Herder
                  and Albert Hofman and Cecilia M. Lindgren and Lili Milani and
                  Pim van der Harst and Annette Peters and Thomas Illig and
                  Caroline L. Relton and Melanie Waldenberger and Marjo-Riitta
                  J{\"a}rvelin and Valentina Bollati and Richie Soong and Tim D.
                  Spector and James Scott and Mark I. McCarthy and Paul Elliott
                  and Jordana T. Bell and Giuseppe Matullo and Christian Gieger
                  and Jaspal S. Kooner and Harald Grallert and John C. Chambers},
  title =        {Epigenome-Wide Association Study of Body Mass Index, and the
                  Adverse Outcomes of Adiposity},
  journal =      {Nature},
  volume =       541,
  number =       7635,
  pages =        {81-86},
  year =         2016,
  doi =          {10.1038/nature20784},
  url =          {https://doi.org/10.1038/nature20784},
  DATE_ADDED =   {Tue Jan 3 19:09:11 2017},
}

@inproceedings{agarwal09_regres,
  author =       {Deepak Agarwal and Bee-Chung Chen},
  title =        {Regression-based latent factor models},
  booktitle =    {Proceedings of the 15th ACM SIGKDD international conference on
                  Knowledge discovery and data mining - KDD '09},
  year =         2009,
  pages =        {nil},
  doi =          {10.1145/1557019.1557029},
  url =          {https://doi.org/10.1145/1557019.1557029},
  DATE_ADDED =   {Wed Jan 4 10:55:59 2017},
  month =        {-},
}

@article{carvalho08_high_dimen_spars_factor_model,
  author =       {Carlos M. Carvalho and Jeffrey Chang and Joseph E. Lucas and
                  Joseph R. Nevins and Quanli Wang and Mike West},
  title =        {High-Dimensional Sparse Factor Modeling: Applications in Gene
                  Expression Genomics},
  journal =      {Journal of the American Statistical Association},
  volume =       103,
  number =       484,
  pages =        {1438-1456},
  year =         2008,
  doi =          {10.1198/016214508000000869},
  url =          {https://doi.org/10.1198/016214508000000869},
  DATE_ADDED =   {Wed Jan 4 10:58:57 2017},
}

@article{an13_laten_factor_linear_mixed_model,
  author =       {Xinming An and Qing Yang and Peter M. Bentler},
  title =        {A Latent Factor Linear Mixed Model for High-Dimensional
                  Longitudinal Data Analysis},
  journal =      {Statistics in Medicine},
  volume =       32,
  number =       24,
  pages =        {4229-4239},
  year =         2013,
  doi =          {10.1002/sim.5825},
  url =          {https://doi.org/10.1002/sim.5825},
  DATE_ADDED =   {Wed Jan 4 11:01:06 2017},
}

@article{zhou16_spars_multiv_factor_analy_regres,
  author =       {Yan Zhou and Pei Wang and Xianlong Wang and Ji Zhu and Peter
                  X.-K. Song},
  title =        {Sparse Multivariate Factor Analysis Regression Models and Its
                  Applications To Integrative Genomics Analysis},
  journal =      {Genetic Epidemiology},
  volume =       41,
  number =       1,
  pages =        {70-80},
  year =         2016,
  doi =          {10.1002/gepi.22018},
  url =          {https://doi.org/10.1002/gepi.22018},
  DATE_ADDED =   {Wed Jan 4 11:03:37 2017},
}

@article{rabe-hesketh04_gener_multil_struc_equat_model,
  author =       {Sophia Rabe-Hesketh and Anders Skrondal and Andrew Pickles},
  title =        {Generalized Multilevel Structural Equation Modeling},
  journal =      {Psychometrika},
  volume =       69,
  number =       2,
  pages =        {167-190},
  year =         2004,
  doi =          {10.1007/bf02295939},
  url =          {https://doi.org/10.1007/bf02295939},
  DATE_ADDED =   {Wed Jan 4 11:06:52 2017},
}

@article{article_Toh_Yun_2010,
  author =       {Kim-Chuan Toh and Sangwoon Yun},
  title =        {An accelerated proximal gradient algorithm for nuclear norm regularized linear least squares problems},
  journal =      {Pacific Journal of Optimization},
  year =         {2010},
  OPTkey =       {},
  OPTvolume =    {},
  OPTnumber =    {},
  OPTpages =     {},
  OPTmonth =     {},
  OPTnote =      {},
  OPTannote =    {}
}

@article{cai10_singul_value_thres_algor_matrix_compl,
  author =       {Jian-Feng Cai and Emmanuel J. Cand{\`e}s and Zuowei Shen},
  title =        {A Singular Value Thresholding Algorithm for Matrix Completion},
  journal =      {SIAM Journal on Optimization},
  volume =       20,
  number =       4,
  pages =        {1956-1982},
  year =         2010,
  doi =          {10.1137/080738970},
  url =          {https://doi.org/10.1137/080738970},
  DATE_ADDED =   {Mon Jan 9 15:20:05 2017},
}

@article{stephens16_false_discov_rates,
  author =       {Matthew Stephens},
  title =        {False Discovery Rates: a New Deal},
  journal =      {Biostatistics},
  volume =       {nil},
  number =       {nil},
  pages =        {kxw041},
  year =         2016,
  doi =          {10.1093/biostatistics/kxw041},
  url =          {https://doi.org/10.1093/biostatistics/kxw041},
  DATE_ADDED =   {Mon Jan 9 15:23:01 2017},
}

@Article{article_Leek_Storey_2007,
  author       = {Leek, Jeffrey T. and Storey, John D.},
  title        = {Capturing Heterogeneity in Gene Expression Studies by
                  Surrogate Variable Analysis},
  year         = 2007,
  volume       = 3,
  number       = 9,
  pages        = {e161},
  issn         = {1553-7404},
  doi          = {10.1371/journal.pgen.0030161},
  url          = {http://dx.doi.org/10.1371/journal.pgen.0030161},
  journal      = {PLoS Genetics},
  publisher    = {Public Library of Science (PLoS)}
}

@Article{article_Desai_Storey_2012,
  author       = {Desai, Keyur H. and Storey, John D.},
  title        = {Cross-Dimensional Inference of Dependent High-Dimensional
                  Data},
  year         = 2012,
  volume       = 107,
  number       = 497,
  month        = {Mar},
  pages        = {135–151},
  issn         = {1537-274X},
  doi          = {10.1080/01621459.2011.645777},
  url          = {http://dx.doi.org/10.1080/01621459.2011.645777},
  journal      = {Journal of the American Statistical Association},
  publisher    = {Informa UK Limited}
}

@Article{article_Leek_Storey_2008,
  author       = {Leek, J. T. and Storey, J. D.},
  title        = {A general framework for multiple testing dependence},
  year         = 2008,
  volume       = 105,
  number       = 48,
  month        = {Nov},
  pages        = {18718–18723},
  issn         = {1091-6490},
  doi          = {10.1073/pnas.0808709105},
  url          = {http://dx.doi.org/10.1073/pnas.0808709105},
  journal      = {Proceedings of the National Academy of Sciences},
  publisher    = {Proceedings of the National Academy of Sciences}
}

@article{friguet09_factor_model_approac_to_multip,
  author =       {Chlo{\'e} Friguet and Maela Kloareg and David Causeur},
  title =        {A Factor Model Approach To Multiple Testing Under Dependence},
  journal =      {Journal of the American Statistical Association},
  volume =       104,
  number =       488,
  pages =        {1406-1415},
  year =         2009,
  doi =          {10.1198/jasa.2009.tm08332},
  url =          {https://doi.org/10.1198/jasa.2009.tm08332},
  DATE_ADDED =   {Tue Jan 10 11:38:24 2017},
}

@article{friedman10_regul_paths_gener_linear_model,
  author =       {Jerome Friedman and Trevor Hastie and Robert Tibshirani},
  title =        {Regularization Paths for Generalized Linear Models Via
                  Coordinate Descent},
  journal =      {Journal of Statistical Software},
  volume =       33,
  number =       1,
  pages =        {nil},
  year =         2010,
  doi =          {10.18637/jss.v033.i01},
  url =          {https://doi.org/10.18637/jss.v033.i01},
  DATE_ADDED =   {Wed Jan 11 09:07:48 2017},
}

@Unpublished{slides_Bouchard_WinterSchool2015,
  author =       {Guillaume Bouchard},
  title =        {Binary Factorization Models for Statistical Relational Learning},
  note =         {slides},
  year = 2015, 
  OPTkey =       {},
  OPTmonth =     {},
  OPTyear =      {},
  OPTannote =    {}
}

@Article{article_Houseman_2016,
  author       = {Houseman, E. Andres and Kile, Molly L. and Christiani, David
                  C. and Ince, Tan A. and Kelsey, Karl T. and Marsit, Carmen J.},
  title        = {Reference-free deconvolution of DNA methylation data and
                  mediation by cell composition effects},
  year         = 2016,
  volume       = 17,
  number       = 1,
  month        = {Jun},
  issn         = {1471-2105},
  doi          = {10.1186/s12859-016-1140-4},
  url          = {http://dx.doi.org/10.1186/s12859-016-1140-4},
  journal      = {BMC Bioinformatics},
  publisher    = {Springer Nature}
}

@article{houseman14_refer_free_cell_mixtur_adjus,
  author =       {E. A. Houseman and J. Molitor and C. J. Marsit},
  title =        {Reference-Free Cell Mixture Adjustments in Analysis of Dna
                  Methylation Data},
  journal =      {Bioinformatics},
  volume =       30,
  number =       10,
  pages =        {1431-1439},
  year =         2014,
  doi =          {10.1093/bioinformatics/btu029},
  url =          {https://doi.org/10.1093/bioinformatics/btu029},
  DATE_ADDED =   {Thu Jan 12 11:08:28 2017},
}

@article{frichot13_testin_assoc_between_loci_envir,
  author =       {E. Frichot and S. D. Schoville and G. Bouchard and O.
                  Francois},
  title =        {Testing for Associations Between Loci and Environmental
                  Gradients Using Latent Factor Mixed Models},
  journal =      {Molecular Biology and Evolution},
  volume =       30,
  number =       7,
  pages =        {1687-1699},
  year =         2013,
  doi =          {10.1093/molbev/mst063},
  url =          {https://doi.org/10.1093/molbev/mst063},
  DATE_ADDED =   {Thu Jan 12 13:15:02 2017},
}

@Unpublished{tuto_mediation_2015,
  author =       {},
  title =        {Testing Mediation with Regression Analysis},
  year = 2015,
  note =         {},
  OPTkey =       {},
  OPTmonth =     {},
  OPTyear =      {},
  OPTannote =    {}
}

@inproceedings{pearl2001direct,
  title={Direct and indirect effects},
  author={Pearl, Judea},
  booktitle={Proceedings of the seventeenth conference on uncertainty in artificial intelligence},
  pages={411--420},
  year={2001},
  organization={Morgan Kaufmann Publishers Inc.}
}

@article{houseman12_dna_methy_array_as_surrog,
  author =       {Eugene Houseman and William P Accomando and Devin C Koestler
                  and Brock C Christensen and Carmen J Marsit and Heather H
                  Nelson and John K Wiencke and Karl T Kelsey},
  title =        {Dna Methylation Arrays As Surrogate Measures of Cell Mixture
                  Distribution},
  journal =      {BMC Bioinformatics},
  volume =       13,
  number =       1,
  pages =        86,
  year =         2012,
  doi =          {10.1186/1471-2105-13-86},
  url =          {https://doi.org/10.1186/1471-2105-13-86},
  DATE_ADDED =   {Thu Jan 12 14:30:17 2017},
}

@Article{article_Mishra_Meyer_Bach_Sepulchre_2011,
  author       = {Mishra, B. and Meyer, G. and Bach, F. and Sepulchre, R.},
  title        = {Low-Rank Optimization with Trace Norm Penalty},
  year         = 2013,
  volume       = 23,
  number       = 4,
  month        = {Jan},
  pages        = {2124–2149},
  issn         = {1095-7189},
  doi          = {10.1137/110859646},
  url          = {http://dx.doi.org/10.1137/110859646},
  journal      = {SIAM Journal on Optimization},
  publisher    = {Society for Industrial & Applied Mathematics (SIAM)}
}

@Article{Bach_2008,
  author       = {Bach, Francis R.},
  title        = {Bolasso},
  year         = 2008,
  doi          = {10.1145/1390156.1390161},
  url          = {http://dx.doi.org/10.1145/1390156.1390161},
  isbn         = {http://id.crossref.org/isbn/9781605582054},
  journal      = {Proceedings of the 25th international conference on Machine
                  learning - ICML ’08},
  publisher    = {Association for Computing Machinery (ACM)}
}

@article{efron07_size_power_false_discov_rates,
  author =       {Bradley Efron},
  title =        {Size, Power and False Discovery Rates},
  journal =      {The Annals of Statistics},
  volume =       35,
  number =       4,
  pages =        {1351-1377},
  year =         2007,
  doi =          {10.1214/009053606000001460},
  url =          {https://doi.org/10.1214/009053606000001460},
  DATE_ADDED =   {Fri Jan 13 14:54:24 2017},
}


@article{candes2016panning,
  title={Panning for Gold: Model-free Knockoffs for High-dimensional Controlled Variable Selection},
  author={Candes, Emmanuel and Fan, Yingying and Janson, Lucas and Lv, Jinchi},
  journal={arXiv preprint arXiv:1610.02351},
  year={2016}
}

@Article{Barber_2015,
  author       = {Barber, Rina Foygel and Candès, Emmanuel J.},
  title        = {Controlling the false discovery rate via knockoffs},
  year         = 2015,
  volume       = 43,
  number       = 5,
  month        = {Oct},
  pages        = {2055–2085},
  issn         = {0090-5364},
  doi          = {10.1214/15-aos1337},
  url          = {http://dx.doi.org/10.1214/15-aos1337},
  journal      = {The Annals of Statistics},
  publisher    = {Institute of Mathematical Statistics}
}

@Unpublished{slides_Rk_Const_Matrix_Optim_2015,
  author =       {Defeng Sun},
  title =        {Rank Constrained Matrix Optimization Problems},
  note =         {slides},
  year = 2010,
  OPTkey={},
  OPTmonth =     {},
  OPTyear =      {},
  OPTannote =    {}
}

@article{grippo00_conver_block_nonlin_gauss_seidel,
  author =       {L. Grippo and M. Sciandrone},
  title =        {On the Convergence of the Block Nonlinear Gauss-Seidel Method
                  Under Convex Constraints},
  journal =      {Operations Research Letters},
  volume =       26,
  number =       3,
  pages =        {127-136},
  year =         2000,
  doi =          {10.1016/s0167-6377(99)00074-7},
  url =          {https://doi.org/10.1016/s0167-6377(99)00074-7},
  DATE_ADDED =   {Mon Jan 16 10:24:58 2017},
}

@Article{Wu_2009,
  author       = {Wu, T. T. and Chen, Y. F. and Hastie, T. and Sobel, E. and
                  Lange, K.},
  title        = {Genome-wide association analysis by lasso penalized logistic
                  regression},
  year         = 2009,
  volume       = 25,
  number       = 6,
  month        = {Jan},
  pages        = {714–721},
  issn         = {1460-2059},
  doi          = {10.1093/bioinformatics/btp041},
  url          = {http://dx.doi.org/10.1093/bioinformatics/btp041},
  journal      = {Bioinformatics},
  publisher    = {Oxford University Press (OUP)}
}


@Article{Lockhart_2014,
  author       = {Lockhart, Richard and Taylor, Jonathan and Tibshirani, Ryan J.
                  and Tibshirani, Robert},
  title        = {A significance test for the lasso},
  year         = 2014,
  volume       = 42,
  number       = 2,
  month        = {Apr},
  pages        = {413–468},
  issn         = {0090-5364},
  doi          = {10.1214/13-aos1175},
  url          = {http://dx.doi.org/10.1214/13-aos1175},
  journal      = {The Annals of Statistics},
  publisher    = {Institute of Mathematical Statistics}
}

@article{mazumder10_spect_regul_algor_learn_large_incom_matric,
  author =       {Mazumder, Rahul and Hastie, Trevor and Tibshirani, Robert},
  title =        {Spectral Regularization Algorithms for Learning Large
                  Incomplete Matrices},
  journal =      {Journal of machine learning research},
  volume =       11,
  number =       {Aug},
  pages =        {2287--2322},
  year =         2010,
  DATE_ADDED =   {Tue Jan 17 13:55:07 2017},
}



@Article{kording16_ten_simpl_rules_struc_paper,
  DATE_ADDED =   {Tue Jan 17 14:42:33 2017},
  author =       {Kording, Konrad P and Mensh, Brett},
  doi =          {10.1101/088278},
  month =        {Nov},
  publisher =    {Cold Spring Harbor Laboratory Press},
  title =        {Ten Simple Rules for Structuring Papers},
  url =          {https://doi.org/10.1101/088278},
  year =         2016,
}

@Article{Caye_2016,
  author       = {Caye, Kevin and Jay, Flora and Michel, Olivier and Francois,
                  Olivier},
  title        = {Fast Inference of Individual Admixture Coefficients Using
                  Geographic Data},
  year         = 2016,
  month        = {Oct},
  doi          = {10.1101/080291},
  url          = {http://dx.doi.org/10.1101/080291},
  publisher    = {Cold Spring Harbor Laboratory Press}
}

@Article{Grippo_2000,
  author       = {Grippo, L. and Sciandrone, M.},
  title        = {On the convergence of the block nonlinear Gauss–Seidel method
                  under convex constraints},
  year         = 2000,
  volume       = 26,
  number       = 3,
  month        = {Apr},
  pages        = {127–136},
  issn         = {0167-6377},
  doi          = {10.1016/s0167-6377(99)00074-7},
  url          = {http://dx.doi.org/10.1016/s0167-6377(99)00074-7},
  journal      = {Operations Research Letters},
  publisher    = {Elsevier BV}
}

@Article{Bertsekas_1997,
  author       = {Bertsekas, D P},
  title        = {Nonlinear Programming},
  year         = 1997,
  volume       = 48,
  number       = 3,
  month        = {Mar},
  pages        = {334–334},
  issn         = {1476-9360},
  doi          = {10.1057/palgrave.jors.2600425},
  url          = {http://dx.doi.org/10.1057/palgrave.jors.2600425},
  journal      = {Journal of the Operational Research Society},
  publisher    = {Springer Nature}
}

@article{li16_recov,
  author       = {Yuanzhi Li AND Yingyu Liang AND Andrej Risteski},
  title        = {Recovery guarantee of weighted low-rank approximation via
                  alternating minimization},
  year         = 2016,
  archiveprefix= {arXiv},
  eprint       = {1602.02262v2},
  primaryclass = {cs.LG}
}

@article{lotterhos15_relat_power_genom_scans_to,
  author =       {Katie E. Lotterhos and Michael C. Whitlock},
  title =        {The Relative Power of Genome Scans To Detect Local Adaptation
                  Depends on Sampling Design and Statistical Method},
  journal =      {Molecular Ecology},
  volume =       24,
  number =       5,
  pages =        {1031-1046},
  year =         2015,
  doi =          {10.1111/mec.13100},
  url =          {https://doi.org/10.1111/mec.13100},
  DATE_ADDED =   {Mon Jan 23 10:00:59 2017},
}

@Article{Cule_2011,
  author       = {Cule, Erika and Vineis, Paolo and De Iorio, Maria},
  title        = {Significance testing in ridge regression for genetic data},
  year         = 2011,
  volume       = 12,
  number       = 1,
  pages        = 372,
  issn         = {1471-2105},
  doi          = {10.1186/1471-2105-12-372},
  url          = {http://dx.doi.org/10.1186/1471-2105-12-372},
  journal      = {BMC Bioinformatics},
  publisher    = {Springer Nature}
}

@Article{Rahmani_2016,
  author       = {Rahmani, Elior and Zaitlen, Noah and Baran, Yael and Eng,
                  Celeste and Hu, Donglei and Galanter, Joshua and Oh, Sam and
                  Burchard, Esteban G and Eskin, Eleazar and Zou, James and et
                  al.},
  title        = {Sparse PCA corrects for cell type heterogeneity in
                  epigenome-wide association studies},
  year         = 2016,
  volume       = 13,
  number       = 5,
  month        = {Mar},
  pages        = {443–445},
  issn         = {1548-7105},
  doi          = {10.1038/nmeth.3809},
  url          = {http://dx.doi.org/10.1038/nmeth.3809},
  journal      = {Nature Methods},
  publisher    = {Springer Nature}
}

@Article{Zou_2014,
  author       = {Zou, James and Lippert, Christoph and Heckerman, David and
                  Aryee, Martin and Listgarten, Jennifer},
  title        = {Epigenome-wide association studies without the need for
                  cell-type composition},
  year         = 2014,
  volume       = 11,
  number       = 3,
  month        = {Jan},
  pages        = {309–311},
  issn         = {1548-7105},
  doi          = {10.1038/nmeth.2815},
  url          = {http://dx.doi.org/10.1038/nmeth.2815},
  journal      = {Nature Methods},
  publisher    = {Springer Nature}
}

@Article{Rakyan_2011,
  author       = {Rakyan, Vardhman K. and Down, Thomas A. and Balding, David J.
                  and Beck, Stephan},
  title        = {Epigenome-wide association studies for common human diseases},
  year         = 2011,
  volume       = 12,
  number       = 8,
  month        = {Jul},
  pages        = {529–541},
  issn         = {1471-0064},
  doi          = {10.1038/nrg3000},
  url          = {http://dx.doi.org/10.1038/nrg3000},
  journal      = {Nature Reviews Genetics},
  publisher    = {Springer Nature}
}

@Article{Song_2015,
  author       = {Song, Minsun and Hao, Wei and Storey, John D},
  title        = {Testing for genetic associations in arbitrarily structured
                  populations},
  year         = 2015,
  volume       = 47,
  number       = 5,
  month        = {Mar},
  pages        = {550–554},
  issn         = {1546-1718},
  doi          = {10.1038/ng.3244},
  url          = {http://dx.doi.org/10.1038/ng.3244},
  journal      = {Nature Genetics},
  publisher    = {Springer Nature}
}

@Article{Liu_2013,
  author       = {Liu, Yun and Aryee, Martin J and Padyukov, Leonid and Fallin,
                  M Daniele and Hesselberg, Espen and Runarsson, Arni and
                  Reinius, Lovisa and Acevedo, Nathalie and Taub, Margaret and
                  Ronninger, Marcus and et al.},
  title        = {Epigenome-wide association data implicate DNA methylation as
                  an intermediary of genetic risk in rheumatoid arthritis},
  year         = 2013,
  volume       = 31,
  number       = 2,
  month        = {Jan},
  pages        = {142–147},
  issn         = {1546-1696},
  doi          = {10.1038/nbt.2487},
  url          = {http://dx.doi.org/10.1038/nbt.2487},
  journal      = {Nature Biotechnology},
  publisher    = {Springer Nature}
}

@Article{Li_2008,
  author       = {Li, J. Z. and Absher, D. M. and Tang, H. and Southwick, A. M.
                  and Casto, A. M. and Ramachandran, S. and Cann, H. M. and
                  Barsh, G. S. and Feldman, M. and Cavalli-Sforza, L. L. and et
                  al.},
  title        = {Worldwide Human Relationships Inferred from Genome-Wide
                  Patterns of Variation},
  year         = 2008,
  volume       = 319,
  number       = 5866,
  month        = {Feb},
  pages        = {1100–1104},
  issn         = {1095-9203},
  doi          = {10.1126/science.1153717},
  url          = {http://dx.doi.org/10.1126/science.1153717},
  journal      = {Science},
  publisher    = {American Association for the Advancement of Science (AAAS)}
}

@article{josse2009gestion,
  title={Gestion des donn{\'e}es manquantes en analyse en composantes principales},
  author={Josse, Julie and Pages, J and Husson, F},
  journal={Journal de la Soci{\'e}t{\'e} Fran{\c{c}}aise de Statistique},
  volume={150},
  number={2},
  pages={28--51},
  year={2009}
}

@Article{Petkova_2015,
  author       = {Petkova, Desislava and Novembre, John and Stephens, Matthew},
  title        = {Visualizing spatial population structure with estimated
                  effective migration surfaces},
  year         = 2015,
  volume       = 48,
  number       = 1,
  month        = {Dec},
  pages        = {94–100},
  issn         = {1546-1718},
  doi          = {10.1038/ng.3464},
  url          = {http://dx.doi.org/10.1038/ng.3464},
  journal      = {Nature Genetics},
  publisher    = {Springer Nature}
}

@Article{Zhou_2014,
  author       = {Zhou, Xiang and Stephens, Matthew},
  title        = {Efficient multivariate linear mixed model algorithms for
                  genome-wide association studies},
  year         = 2014,
  volume       = 11,
  number       = 4,
  month        = {Feb},
  pages        = {407–409},
  issn         = {1548-7105},
  doi          = {10.1038/nmeth.2848},
  url          = {http://dx.doi.org/10.1038/nmeth.2848},
  journal      = {Nature Methods},
  publisher    = {Springer Nature}
}

@Article{Zhou_2013,
  author       = {Zhou, Xiang and Carbonetto, Peter and Stephens, Matthew},
  title        = {Polygenic Modeling with Bayesian Sparse Linear Mixed Models},
  year         = 2013,
  editor       = {Visscher, Peter M.Editor},
  volume       = 9,
  number       = 2,
  month        = {Feb},
  pages        = {e1003264},
  issn         = {1553-7404},
  doi          = {10.1371/journal.pgen.1003264},
  url          = {http://dx.doi.org/10.1371/journal.pgen.1003264},
  journal      = {PLoS Genetics},
  publisher    = {Public Library of Science (PLoS)}
}

@Article{Evans_1982,
  author       = {Evans, G. B. A. and Savin, N. E.},
  title        = {Conflict Among the Criteria Revisited; The W, LR and LM Tests},
  year         = 1982,
  volume       = 50,
  number       = 3,
  month        = {May},
  pages        = 737,
  issn         = {0012-9682},
  doi          = {10.2307/1912611},
  url          = {http://dx.doi.org/10.2307/1912611},
  journal      = {Econometrica},
  publisher    = {JSTOR}
}

@Article{Rothenberg_1984,
  author       = {Rothenberg, Thomas J.},
  title        = {Hypothesis Testing in Linear Models when the Error Covariance
                  Matrix is Nonscalar},
  year         = 1984,
  volume       = 52,
  number       = 4,
  month        = {Jul},
  pages        = 827,
  issn         = {0012-9682},
  doi          = {10.2307/1911186},
  url          = {http://dx.doi.org/10.2307/1911186},
  journal      = {Econometrica},
  publisher    = {JSTOR}
}

@Article{Halawa_2000,
  author       = {Halawa, A.M. and El Bassiouni, M.Y.},
  title        = {Tests of regression coefficients under ridge regression
                  models},
  year         = 2000,
  volume       = 65,
  number       = {1-4},
  month        = {Jan},
  pages        = {341–356},
  issn         = {1563-5163},
  doi          = {10.1080/00949650008812006},
  url          = {http://dx.doi.org/10.1080/00949650008812006},
  journal      = {Journal of Statistical Computation and Simulation},
  publisher    = {Informa UK Limited}
}

@Article{Fran_ois_2016,
  author       = {François, Olivier and Martins, Helena and Caye, Kevin and
                  Schoville, Sean D.},
  title        = {Controlling false discoveries in genome scans for selection},
  year         = 2016,
  volume       = 25,
  number       = 2,
  month        = {Jan},
  pages        = {454–469},
  issn         = {0962-1083},
  doi          = {10.1111/mec.13513},
  url          = {http://dx.doi.org/10.1111/mec.13513},
  journal      = {Molecular Ecology},
  publisher    = {Wiley-Blackwell}
}

@Article{Gumedze_2011,
  author       = {Gumedze, F.N. and Dunne, T.T.},
  title        = {Parameter estimation and inference in the linear mixed model},
  year         = 2011,
  volume       = 435,
  number       = 8,
  month        = {Oct},
  pages        = {1920–1944},
  issn         = {0024-3795},
  doi          = {10.1016/j.laa.2011.04.015},
  url          = {http://dx.doi.org/10.1016/j.laa.2011.04.015},
  journal      = {Linear Algebra and its Applications},
  publisher    = {Elsevier BV}
}

@Article{Simon_2013,
  author       = {Simon, Noah and Friedman, Jerome and Hastie, Trevor and
                  Tibshirani, Robert},
  title        = {A Sparse-Group Lasso},
  year         = 2013,
  volume       = 22,
  number       = 2,
  month        = {Apr},
  pages        = {231–245},
  issn         = {1537-2715},
  doi          = {10.1080/10618600.2012.681250},
  url          = {http://dx.doi.org/10.1080/10618600.2012.681250},
  journal      = {Journal of Computational and Graphical Statistics},
  publisher    = {Informa UK Limited}
}

@book{skrondal2004generalized,
  title={Generalized latent variable modeling: Multilevel, longitudinal, and structural equation models},
  author={Skrondal, Anders and Rabe-Hesketh, Sophia},
  year={2004},
  publisher={Crc Press}
}

@Article{Wedel_2001,
  author       = {Wedel, Michel and Kamakura, Wagner A.},
  title        = {Factor analysis with (mixed) observed and latent variables in
                  the exponential family},
  year         = 2001,
  volume       = 66,
  number       = 4,
  month        = {Dec},
  pages        = {515–530},
  issn         = {1860-0980},
  doi          = {10.1007/bf02296193},
  url          = {http://dx.doi.org/10.1007/bf02296193},
  journal      = {Psychometrika},
  publisher    = {Springer Nature}
}

@Unpublished{crossValidated_PCACrossValidation_2017,
  author =       {amoeba},
  title =        {How to perform leave-one-out cross-validation for PCA to
                  determine the number of principal components?},
  note =         {},
  OPTkey =       {},
  OPTmonth =     {},
  OPTyear =      {},
  OPTannote =    {},
  url = {http://stats.stackexchange.com/questions/93845/how-to-perform-leave-one-out-cross-validation-for-pca-to-determine-the-number-of}
}

@Article{Halko_2011,
  author       = {Halko, N. and Martinsson, P. G. and Tropp, J. A.},
  title        = {Finding Structure with Randomness: Probabilistic Algorithms
                  for Constructing Approximate Matrix Decompositions},
  year         = 2011,
  volume       = 53,
  number       = 2,
  month        = {Jan},
  pages        = {217–288},
  issn         = {1095-7200},
  doi          = {10.1137/090771806},
  url          = {http://dx.doi.org/10.1137/090771806},
  journal      = {SIAM Review},
  publisher    = {Society for Industrial & Applied Mathematics (SIAM)}
}

@Article{Listgarten_2010,
  author       = {Listgarten, J. and Kadie, C. and Schadt, E. E. and Heckerman,
                  D.},
  title        = {Correction for hidden confounders in the genetic analysis of
                  gene expression},
  year         = 2010,
  volume       = 107,
  number       = 38,
  month        = {Sep},
  pages        = {16465–16470},
  issn         = {1091-6490},
  doi          = {10.1073/pnas.1002425107},
  url          = {http://dx.doi.org/10.1073/pnas.1002425107},
  journal      = {Proceedings of the National Academy of Sciences},
  publisher    = {Proceedings of the National Academy of Sciences}
}

@Article{Demidenko_2004,
  author       = {Demidenko, Eugene},
  title        = {Mixed Models},
  year         = 2004,
  month        = {Jul},
  issn         = {1940-6347},
  doi          = {10.1002/0471728438},
  url          = {http://dx.doi.org/10.1002/0471728438},
  isbn         = {http://id.crossref.org/isbn/9780471601616},
  journal      = {Wiley Series in Probability and Statistics},
  publisher    = {John Wiley & Sons, Inc.}
}

@Unpublished{GLMM,
  author =       {},
  title =        {Generalized Linear Mixed Model},
  note =         {},
  OPTkey =       {},
  OPTmonth =     {},
  OPTyear =      {},
  OPTannote =    {}
}

@Article{Sammel_1996,
  author       = {Sammel, Mary Dupuis and Ryan, Louise M.},
  title        = {Latent Variable Models with Fixed Effects},
  year         = 1996,
  volume       = 52,
  number       = 2,
  month        = {Jun},
  pages        = 650,
  issn         = {0006-341X},
  doi          = {10.2307/2532903},
  url          = {http://dx.doi.org/10.2307/2532903},
  journal      = {Biometrics},
  publisher    = {JSTOR}
}

@article{skrondal2003some,
  title={Some applications of generalized linear latent and mixed models in epidemiology: repeated measures, measurement error and multilevel modeling},
  author={Skrondal, Anders and Rabe-Hesketh, Sophia},
  journal={Norsk epidemiologi},
  volume={13},
  number={2},
  pages={265--278},
  year={2003}
}

@article{rubin1981bayesian,
  title={The bayesian bootstrap},
  author={Rubin, Donald B and others},
  journal={The annals of statistics},
  volume={9},
  number={1},
  pages={130--134},
  year={1981},
  publisher={Institute of Mathematical Statistics}
}

@article{sanchez2005structural,
  title={Structural equation models: a review with applications to environmental epidemiology},
  author={Sanchez, Brisa N and Budtz-J{\o}rgensen, Esben and Ryan, Louise M and Hu, Howard},
  journal={Journal of the American Statistical Association},
  volume={100},
  number={472},
  pages={1443--1455},
  year={2005},
  publisher={Taylor \& Francis}
}

@Article{SKRONDAL_2007,
  author       = {SKRONDAL, ANDERS and RABE-HESKETH, SOPHIA},
  title        = {Latent Variable Modelling: A Survey*},
  year         = 2007,
  volume       = 34,
  number       = 4,
  month        = {Dec},
  pages        = {712–745},
  issn         = {0303-6898},
  doi          = {10.1111/j.1467-9469.2007.00573.x},
  url          = {http://dx.doi.org/10.1111/j.1467-9469.2007.00573.x},
  journal      = {Scandinavian Journal of Statistics},
  publisher    = {Wiley-Blackwell}
}

@Article{Platt_2010,
  author       = {Platt, A. and Vilhjalmsson, B. J. and Nordborg, M.},
  title        = {Conditions Under Which Genome-Wide Association Studies Will be
                  Positively Misleading},
  year         = 2010,
  volume       = 186,
  number       = 3,
  month        = {Sep},
  pages        = {1045–1052},
  issn         = {0016-6731},
  doi          = {10.1534/genetics.110.121665},
  url          = {http://dx.doi.org/10.1534/genetics.110.121665},
  journal      = {Genetics},
  publisher    = {Genetics Society of America}
}

@Article{Rabe_Hesketh_2007,
  author       = {Rabe-Hesketh, S. and Skrondal, A.},
  title        = {Classical latent variable models for medical research},
  year         = 2007,
  volume       = 17,
  number       = 1,
  month        = {Sep},
  pages        = {5–32},
  issn         = {1477-0334},
  doi          = {10.1177/0962280207081236},
  url          = {http://dx.doi.org/10.1177/0962280207081236},
  journal      = {Statistical Methods in Medical Research},
  publisher    = {SAGE Publications}
}

@Article{Woodard_2013,
  author       = {Woodard, D. B. and Love, T. M. T. and Thurston, S. W. and
                  Ruppert, D. and Sathyanarayana, S. and Swan, S. H.},
  title        = {Latent factor regression models for grouped outcomes},
  year         = 2013,
  volume       = 69,
  number       = 3,
  month        = {Jul},
  pages        = {785–794},
  issn         = {0006-341X},
  doi          = {10.1111/biom.12037},
  url          = {http://dx.doi.org/10.1111/biom.12037},
  journal      = {Biometrics},
  publisher    = {Wiley-Blackwell}
}

@article{rabe2004gllamm,
  title={GLLAMM manual},
  author={Rabe-Hesketh, Sophia and Skrondal, Anders and Pickles, Andrew},
  year={2004},
  publisher={bepress}
}

@Article{Boyd_2004,
  author       = {Boyd, Stephen and Vandenberghe, Lieven},
  title        = {Convex Optimization},
  year         = 2004,
  doi          = {10.1017/cbo9780511804441},
  url          = {http://dx.doi.org/10.1017/cbo9780511804441},
  isbn         = {http://id.crossref.org/isbn/9780511804441},
  publisher    = {Cambridge University Press (CUP)}
}

@Article{Efron_2009,
  author       = {Efron, Bradley},
  title        = {Large-Scale Inference},
  year         = 2009,
  doi          = {10.1017/cbo9780511761362},
  url          = {http://dx.doi.org/10.1017/cbo9780511761362},
  isbn         = {http://id.crossref.org/isbn/9780511761362},
  publisher    = {Cambridge University Press (CUP)}
}

@Article{Efron_2016,
  author       = {Efron, Bradley and Hastie, Trevor},
  title        = {Computer Age Statistical Inference},
  year         = 2016,
  doi          = {10.1017/cbo9781316576533},
  url          = {http://dx.doi.org/10.1017/cbo9781316576533},
  isbn         = {http://id.crossref.org/isbn/9781316576533},
  publisher    = {Cambridge University Press (CUP)}
}

@Article{Efron_1993,
  author       = {Efron, Bradley and Tibshirani, Robert J.},
  title        = {An Introduction to the Bootstrap},
  year         = 1993,
  doi          = {10.1007/978-1-4899-4541-9},
  url          = {http://dx.doi.org/10.1007/978-1-4899-4541-9},
  isbn         = {http://id.crossref.org/isbn/978-1-4899-4541-9},
  publisher    = {Springer Nature}
}

@Article{Gondro_2013,
  title        = {Genome-Wide Association Studies and Genomic Prediction},
  year         = 2013,
  issn         = {1940-6029},
  doi          = {10.1007/978-1-62703-447-0},
  url          = {http://dx.doi.org/10.1007/978-1-62703-447-0},
  isbn         = {http://id.crossref.org/isbn/978-1-62703-447-0},
  journal      = {Methods in Molecular Biology},
  publisher    = {Humana Press}
}

@Article{Hastie_2009,
  author       = {Hastie, Trevor and Tibshirani, Robert and Friedman, Jerome},
  title        = {The Elements of Statistical Learning},
  year         = 2009,
  issn         = {2197-568X},
  doi          = {10.1007/978-0-387-84858-7},
  url          = {http://dx.doi.org/10.1007/978-0-387-84858-7},
  isbn         = {http://id.crossref.org/isbn/978-0-387-84858-7},
  journal      = {Springer Series in Statistics},
  publisher    = {Springer New York}
}

@book{murphy2012machine,
  title={Machine learning: a probabilistic perspective},
  author={Murphy, Kevin P},
  year={2012},
  publisher={MIT press}
}


@Article{Zheng_2012,
  author       = {Zheng, Gang and Yang, Yaning and Zhu, Xiaofeng and Elston,
                  Robert C.},
  title        = {Analysis of Genetic Association Studies},
  year         = 2012,
  issn         = {1431-8776},
  doi          = {10.1007/978-1-4614-2245-7},
  url          = {http://dx.doi.org/10.1007/978-1-4614-2245-7},
  isbn         = {http://id.crossref.org/isbn/978-1-4614-2245-7},
  journal      = {Statistics for Biology and Health},
  publisher    = {Springer US}
}

@Article{Brzyski_2016,
  author       = {Brzyski, Damian and Peterson, Christine B. and Sobczyk, Piotr
                  and Candès, Emmanuel J. and Bogdan, Malgorzata and Sabatti,
                  Chiara},
  title        = {Controlling the Rate of GWAS False Discoveries},
  year         = 2016,
  volume       = 205,
  number       = 1,
  month        = {Oct},
  pages        = {61–75},
  issn         = {1943-2631},
  doi          = {10.1534/genetics.116.193987},
  url          = {http://dx.doi.org/10.1534/genetics.116.193987},
  journal      = {Genetics},
  publisher    = {Genetics Society of America}
}

@article{wang16_orthog_tensor_decom_via_two,
  author =       {Wang, Miaoyan and Song, Yun S.},
  title =        {Orthogonal Tensor Decompositions Via Two-Mode Higher-Order Svd
                  (hosvd)},
  year =         {2016},
  url =          {http://arxiv.org/abs/1612.03839v1},
  abstract =     {Tensor decompositions have rich applications in statistics and
                  machine learning, and developing efficient, accurate
                  algorithms for the problem has received much attention
                  recently. Here, we present a new method built on Kruskal's
                  uniqueness theorem to decompose symmetric, nearly orthogonally
                  decomposable tensors. Unlike the classical higher-order
                  singular value decomposition which unfolds a tensor along a
                  single mode, we consider unfoldings along two modes and use
                  rank-1 constraints to characterize the underlying components.
                  This tensor decomposition method provably handles a greater
                  level of noise compared to previous methods and achieves a
                  high estimation accuracy. Numerical results demonstrate that
                  our algorithm is robust to various noise distributions and
                  that it performs especially favorably as the order increases.},
  archivePrefix ={arXiv},
  eprint =       {1612.03839},
  primaryClass = {cs.LG},
}

@Article{Albert_2015,
  author       = {Albert, Frank W. and Kruglyak, Leonid},
  title        = {The role of regulatory variation in complex traits and
                  disease},
  year         = 2015,
  volume       = 16,
  number       = 4,
  month        = {Feb},
  pages        = {197–212},
  issn         = {1471-0064},
  doi          = {10.1038/nrg3891},
  url          = {http://dx.doi.org/10.1038/nrg3891},
  journal      = {Nature Reviews Genetics},
  publisher    = {Springer Nature}
}

@Article{Price_2006,
  author       = {Price, Alkes L and Patterson, Nick J and Plenge, Robert M and
                  Weinblatt, Michael E and Shadick, Nancy A and Reich, David},
  title        = {Principal components analysis corrects for stratification in
                  genome-wide association studies},
  year         = 2006,
  volume       = 38,
  number       = 8,
  month        = {Jul},
  pages        = {904–909},
  issn         = {1061-4036},
  doi          = {10.1038/ng1847},
  url          = {http://dx.doi.org/10.1038/ng1847},
  journal      = {Nature Genetics},
  publisher    = {Springer Nature}
}

@Article{Leek_2012,
  author       = {Leek, J. T. and Johnson, W. E. and Parker, H. S. and Jaffe, A.
                  E. and Storey, J. D.},
  title        = {The sva package for removing batch effects and other unwanted
                  variation in high-throughput experiments},
  year         = 2012,
  volume       = 28,
  number       = 6,
  month        = {Jan},
  pages        = {882–883},
  issn         = {1460-2059},
  doi          = {10.1093/bioinformatics/bts034},
  url          = {http://dx.doi.org/10.1093/bioinformatics/bts034},
  journal      = {Bioinformatics},
  publisher    = {Oxford University Press (OUP)}
}

@article{benjamini1995controlling,
  title={Controlling the false discovery rate: a practical and powerful approach to multiple testing},
  author={Benjamini, Yoav and Hochberg, Yosef},
  journal={Journal of the royal statistical society. Series B (Methodological)},
  pages={289--300},
  year={1995},
  publisher={JSTOR}
}

@Article{Sun_2012,
  author       = {Sun, Yunting and Zhang, Nancy R. and Owen, Art B.},
  title        = {Multiple hypothesis testing adjusted for latent variables,
                  with an application to the AGEMAP gene expression data},
  year         = 2012,
  volume       = 6,
  number       = 4,
  month        = {Dec},
  pages        = {1664–1688},
  issn         = {1932-6157},
  doi          = {10.1214/12-aoas561},
  url          = {http://dx.doi.org/10.1214/12-aoas561},
  journal      = {The Annals of Applied Statistics},
  publisher    = {Institute of Mathematical Statistics}
}

@article{wang2015confounder,
  title={Confounder Adjustment in Multiple Hypothesis Testing},
  author={Wang, Jingshu and Zhao, Qingyuan and Hastie, Trevor and Owen, Art B},
  journal={arXiv preprint arXiv:1508.04178},
  year={2015}
}

@Article{Efron_2007,
  author       = {Efron, Bradley},
  title        = {Correlation and Large-Scale Simultaneous Significance Testing},
  year         = 2007,
  volume       = 102,
  number       = 477,
  month        = {Mar},
  pages        = {93–103},
  issn         = {1537-274X},
  doi          = {10.1198/016214506000001211},
  url          = {http://dx.doi.org/10.1198/016214506000001211},
  journal      = {Journal of the American Statistical Association},
  publisher    = {Informa UK Limited}
}


@Unpublished{cours_Efron_2005,
  author =       {Bradley Efron},
  title =        {Local False Discovery Rates},
  note =         {},
  year =     {2005},
  OPTkey =       {},
  OPTmonth =     {},
  OPTyear =      {},
  OPTannote =    {}
}

@Article{Efron_2004,
  author       = {Efron, Bradley},
  title        = {Large-Scale Simultaneous Hypothesis Testing},
  year         = 2004,
  volume       = 99,
  number       = 465,
  month        = {Mar},
  pages        = {96–104},
  issn         = {1537-274X},
  doi          = {10.1198/016214504000000089},
  url          = {http://dx.doi.org/10.1198/016214504000000089},
  journal      = {Journal of the American Statistical Association},
  publisher    = {Informa UK Limited}
}

@Article{Devlin_1999,
  author       = {Devlin, B. and Roeder, Kathryn},
  title        = {Genomic Control for Association Studies},
  year         = 1999,
  volume       = 55,
  number       = 4,
  month        = {Dec},
  pages        = {997–1004},
  issn         = {0006-341X},
  doi          = {10.1111/j.0006-341x.1999.00997.x},
  url          = {http://dx.doi.org/10.1111/j.0006-341x.1999.00997.x},
  journal      = {Biometrics},
  publisher    = {Wiley-Blackwell}
}

@article{1000Genome_2015,
	doi = {10.1038/nature15393},
	url = {https://doi.org/10.1038%2Fnature15393},
	year = 2015,
	month = {sep},
	publisher = {Springer Nature},
	volume = {526},
	number = {7571},
	pages = {68--74},
	author = {The 1000 Genomes Project Consortium},
	title = {A global reference for human genetic variation},
	journal = {Nature}
}

@Article{Bro_2008,
  author       = {Bro, R. and Kjeldahl, K. and Smilde, A. K. and Kiers, H. A.
                  L.},
  title        = {Cross-validation of component models: A critical look at
                  current methods},
  year         = 2008,
  volume       = 390,
  number       = 5,
  month        = {Jan},
  pages        = {1241–1251},
  issn         = {1618-2650},
  doi          = {10.1007/s00216-007-1790-1},
  url          = {http://dx.doi.org/10.1007/s00216-007-1790-1},
  journal      = {Analytical and Bioanalytical Chemistry},
  publisher    = {Springer Nature}
}

@article{mallick2016simons,
  title={The Simons Genome Diversity Project: 300 genomes from 142 diverse populations},
  author={Mallick, Swapan and Li, Heng and Lipson, Mark and Mathieson, Iain and Gymrek, Melissa and Racimo, Fernando and Zhao, Mengyao and Chennagiri, Niru and Nordenfelt, Susanne and Tandon, Arti and others},
  journal={Nature},
  volume={538},
  number={7624},
  pages={201--206},
  year={2016},
  publisher={Nature Research}
}

@Article{Reshef_2011,
  author       = {Reshef, D. N. and Reshef, Y. A. and Finucane, H. K. and
                  Grossman, S. R. and McVean, G. and Turnbaugh, P. J. and
                  Lander, E. S. and Mitzenmacher, M. and Sabeti, P. C.},
  title        = {Detecting Novel Associations in Large Data Sets},
  year         = 2011,
  volume       = 334,
  number       = 6062,
  month        = {Dec},
  pages        = {1518–1524},
  issn         = {1095-9203},
  doi          = {10.1126/science.1205438},
  url          = {http://dx.doi.org/10.1126/science.1205438},
  journal      = {Science},
  publisher    = {American Association for the Advancement of Science (AAAS)}
}

@Article{Meirmans_2015,
  author       = {Meirmans, Patrick G.},
  title        = {Seven common mistakes in population genetics and how to avoid
                  them},
  year         = 2015,
  volume       = 24,
  number       = 13,
  month        = {Jun},
  pages        = {3223–3231},
  issn         = {0962-1083},
  doi          = {10.1111/mec.13243},
  url          = {http://dx.doi.org/10.1111/mec.13243},
  journal      = {Molecular Ecology},
  publisher    = {Wiley-Blackwell}
}

@Unpublished{imp_don_manquante,
  author =       {},
  title =        {Imputation de données manquantes},
  note =         {},
  OPTkey =       {},
  OPTmonth =     {},
  OPTyear =      {},
  OPTannote =    {}
}

@Article{Forester_2017,
  author       = {Forester, Brenna R. and Lasky, Jesse R. and Wagner, Helene H.
                  and Urban, Dean L.},
  title        = {Using genotype-environment associations to identify multilocus
                  local adaptation},
  year         = 2017,
  month        = {Apr},
  doi          = {10.1101/129460},
  url          = {http://dx.doi.org/10.1101/129460},
  publisher    = {Cold Spring Harbor Laboratory Press}
}

@Article{Forester_2015,
  author       = {Forester, Brenna R. and Jones, Matthew R. and Joost, Stéphane
                  and Landguth, Erin L. and Lasky, Jesse R.},
  title        = {Detecting spatial genetic signatures of local adaptation in
                  heterogeneous landscapes},
  year         = 2015,
  volume       = 25,
  number       = 1,
  month        = {Dec},
  pages        = {104–120},
  issn         = {0962-1083},
  doi          = {10.1111/mec.13476},
  url          = {http://dx.doi.org/10.1111/mec.13476},
  journal      = {Molecular Ecology},
  publisher    = {Wiley-Blackwell}
}

@article{wright1921correlation,
  title={Correlation and causation},
  author={Wright, Sewall},
  journal={Journal of agricultural research},
  volume={20},
  number={7},
  pages={557--585},
  year={1921},
  publisher={Washington}
}

@Article{Abraham_2014,
  author       = {Abraham, Gad and Tye-Din, Jason A. and Bhalala, Oneil G. and
                  Kowalczyk, Adam and Zobel, Justin and Inouye, Michael},
  title        = {Accurate and Robust Genomic Prediction of Celiac Disease Using
                  Statistical Learning},
  year         = 2014,
  editor       = {Akey, Joshua M.Editor},
  volume       = 10,
  number       = 2,
  month        = {Feb},
  pages        = {e1004137},
  issn         = {1553-7404},
  doi          = {10.1371/journal.pgen.1004137},
  url          = {http://dx.doi.org/10.1371/journal.pgen.1004137},
  journal      = {PLoS Genetics},
  publisher    = {Public Library of Science (PLoS)}
}

@article{dubois2010multiple,
  title={Multiple common variants for celiac disease influencing immune gene expression},
  author={Dubois, Patrick CA and Trynka, Gosia and Franke, Lude and Hunt, Karen A and Romanos, Jihane and Curtotti, Alessandra and Zhernakova, Alexandra and Heap, Graham AR and {\'A}d{\'a}ny, R{\'o}za and Aromaa, Arpo and others},
  journal={Nature genetics},
  volume={42},
  number={4},
  pages={295--302},
  year={2010},
  publisher={Nature Research}
}


@article{gerard2017unifying,
  title={Unifying and Generalizing Methods for Removing Unwanted Variation Based on Negative Controls},
  author={Gerard, David and Stephens, Matthew},
  journal={arXiv preprint arXiv:1705.08393},
  year={2017}
}

@Article{Purcell_2007,
  author       = {Purcell, Shaun and Neale, Benjamin and Todd-Brown, Kathe and
                  Thomas, Lori and Ferreira, Manuel A.R. and Bender, David and
                  Maller, Julian and Sklar, Pamela and de Bakker, Paul I.W. and
                  Daly, Mark J. and et al.},
  title        = {PLINK: A Tool Set for Whole-Genome Association and
                  Population-Based Linkage Analyses},
  year         = 2007,
  volume       = 81,
  number       = 3,
  month        = {Sep},
  pages        = {559–575},
  issn         = {0002-9297},
  doi          = {10.1086/519795},
  url          = {http://dx.doi.org/10.1086/519795},
  journal      = {The American Journal of Human Genetics},
  publisher    = {Elsevier BV}
}

@Article{Browning_2016,
  author       = {Browning, Brian L. and Browning, Sharon R.},
  title        = {Genotype Imputation with Millions of Reference Samples},
  year         = 2016,
  volume       = 98,
  number       = 1,
  month        = {Jan},
  pages        = {116–126},
  issn         = {0002-9297},
  doi          = {10.1016/j.ajhg.2015.11.020},
  url          = {http://dx.doi.org/10.1016/j.ajhg.2015.11.020},
  journal      = {The American Journal of Human Genetics},
  publisher    = {Elsevier BV}
}

@article{perry09_cross_valid_unsup_learn,
  author =       {Perry, Patrick O.},
  title =        {Cross-Validation for Unsupervised Learning},
  year =         {2009},
  url =          {http://arxiv.org/abs/0909.3052v1},
  abstract =     {Cross-validation (CV) is a popular method for model-selection.
                  Unfortunately, it is not immediately obvious how to apply CV
                  to unsupervised or exploratory contexts. This thesis discusses
                  some extensions of cross-validation to unsupervised learning,
                  specifically focusing on the problem of choosing how many
                  principal components to keep. We introduce the latent factor
                  model, define an objective criterion, and show how CV can be
                  used to estimate the intrinsic dimensionality of a data set.
                  Through both simulation and theory, we demonstrate that
                  cross-validation is a valuable tool for unsupervised
                  learning.},
  archivePrefix ={arXiv},
  eprint =       {0909.3052},
  primaryClass = {stat.ME},
}

@Article{Owen_2009,
  author       = {Owen, Art B. and Perry, Patrick O.},
  title        = {Bi-cross-validation of the SVD and the nonnegative matrix
                  factorization},
  year         = 2009,
  volume       = 3,
  number       = 2,
  month        = {Jun},
  pages        = {564–594},
  issn         = {1932-6157},
  doi          = {10.1214/08-aoas227},
  url          = {http://dx.doi.org/10.1214/08-aoas227},
  journal      = {The Annals of Applied Statistics},
  publisher    = {Institute of Mathematical Statistics}
}

@Article{vanIterson2017,
author="van Iterson, Maarten
and van Zwet, Erik W.
and Heijmans, Bastiaan T.",
title="Controlling bias and inflation in epigenome- and transcriptome-wide association studies using the empirical null distribution",
journal="Genome Biology",
year="2017",
volume="18",
number="1",
pages="19",
abstract="We show that epigenome- and transcriptome-wide association studies
                  (EWAS and TWAS) are prone to significant inflation and bias of
                  test statistics, an unrecognized phenomenon introducing
                  spurious findings if left unaddressed. Neither GWAS-based
                  methodology nor state-of-the-art confounder adjustment methods
                  completely remove bias and inflation. We propose a Bayesian
                  method to control bias and inflation in EWAS and TWAS based on
                  estimation of the empirical null distribution. Using
                  simulations and real data, we demonstrate that our method
                  maximizes power while properly controlling the false positive
                  rate. We illustrate the utility of our method in large-scale
                  EWAS and TWAS meta-analyses of age and smoking.",
issn="1474-760X",
doi="10.1186/s13059-016-1131-9",
url="http://dx.doi.org/10.1186/s13059-016-1131-9"
}

@PhdThesis{phdGuedj,
  author =       {Mickaël Guedj},
  title =        {Méthodes Statistiques pour l'Analyse des Données Génétiques
                  d'Association à Grande Échelle},
  school =       {Université d'Évry-Val d'Éssone},
  year =         {2007},
  OPTkey =       {},
  OPTtype =      {},
  OPTaddress =   {},
  OPTmonth =     {},
  OPTnote =      {},
  OPTannote =    {}
}

@PhdThesis{ZhaoThesis2016,
  author =       {Qingyuan Zhao},
  title =        {TOPICS IN CAUSAL AND HIGH DIMENSIONAL INFERENCE},
  school =       {},
  year =         {2016},
  OPTkey =       {stanford},
  OPTtype =      {},
  OPTaddress =   {},
  OPTmonth =     {},
  OPTnote =      {},
  OPTannote =    {}
}

@article{tipping1999probabilistic,
  title={Probabilistic principal component analysis},
  author={Tipping, Michael E and Bishop, Christopher M},
  journal={Journal of the Royal Statistical Society: Series B (Statistical Methodology)},
  volume={61},
  number={3},
  pages={611--622},
  year={1999},
  publisher={Wiley Online Library}
}


@Unpublished{slides_sfds2015_saporta,
  author =       {Gilbert Saporta},
  title =        {Quelle statistique pour les Big Data?},
  note =         {presentation sfds 2015},
  OPTkey =       {},
  OPTmonth =     {},
  OPTyear =      {},
  OPTannote =    {}
}

@Unpublished{url_slides_genet_stat,
  author =       {Ken Rice},
  title =        {Introductory Genetics for Statisticians},
  note =         {une page avec des slides sur la genet pour les stateux},
  OPTkey =       {},
  OPTmonth =     {},
  OPTyear =      {},
  OPTannote =    {},
  url = {http://faculty.washington.edu/kenrice/introgenet.htm}
}

@Article{Lange_2014,
  author       = {Lange, Kenneth and Chi, Eric C. and Zhou, Hua},
  title        = {A Brief Survey of Modern Optimization for Statisticians},
  year         = 2014,
  volume       = 82,
  number       = 1,
  month        = {Feb},
  pages        = {46–70},
  issn         = {0306-7734},
  doi          = {10.1111/insr.12022},
  url          = {http://dx.doi.org/10.1111/insr.12022},
  journal      = {International Statistical Review},
  publisher    = {Wiley-Blackwell}
}

@Article{Lange_2014_2,
  author       = {Lange, Kenneth and Papp, Jeanette C. and Sinsheimer, Janet S.
                  and Sobel, Eric M.},
  title        = {Next-Generation Statistical Genetics: Modeling, Penalization,
                  and Optimization in High-Dimensional Data},
  year         = 2014,
  volume       = 1,
  number       = 1,
  month        = {Jan},
  pages        = {279–300},
  issn         = {2326-831X},
  doi          = {10.1146/annurev-statistics-022513-115638},
  url          = {http://dx.doi.org/10.1146/annurev-statistics-022513-115638},
  journal      = {Annual Review of Statistics and Its Application},
  publisher    = {Annual Reviews}
}

@Article{endOfTheory,
  author =       {CHRIS ANDERSON},
  title =        {THE END OF THEORY: THE DATA DELUGE MAKES THE SCIENTIFIC METHOD
                  OBSOLETE},
  journal =      {The Wire},
  year =         {2008},
  url = {https://www.wired.com/2008/06/pb-theory/},
  OPTkey =       {},
  OPTvolume =    {},
  OPTnumber =    {},
  OPTpages =     {},
  OPTmonth =     {},
  OPTnote =      {},
  OPTannote =    {}
}

@book{saporta2006probabilites,
  title={Probabilit{\'e}s, analyse des donn{\'e}es et statistique},
  author={Saporta, Gilbert},
  year={2006},
  publisher={Editions Technip}
}


@article{sniekers2017genome,
  title={Genome-wide association meta-analysis of 78,308 individuals identifies
                  new loci and genes influencing human intelligence},
  author={Sniekers, Suzanne and Stringer, Sven and Watanabe, Kyoko and Jansen,
                  Philip R and Coleman, Jonathan RI and Krapohl, Eva and
                  Taskesen, Erdogan and Hammerschlag, Anke R and Okbay, Aysu and
                  Zabaneh, Delilah and others},
  journal={Nature Genetics},
  year={2017},
  publisher={Nature Research}
}


@article{boyle2017expanded,
  title={An Expanded View of Complex Traits: From Polygenic to Omnigenic},
  author={Boyle, Evan A and Li, Yang I and Pritchard, Jonathan K},
  journal={Cell},
  volume={169},
  number={7},
  pages={1177--1186},
  year={2017},
  publisher={Elsevier}
}

@book{johnson2012matrix,
  title={Matrix analysis},
  author={Johnson, Charles R and Horn, Roger A},
  year={2012},
  publisher={Cambridge University Press Textbooks}
}


@Unpublished{coursLasso,
  author =       {VIALLON, Vivian},
  title =        {Régression pénalisée : le Lasso},
  note =         {},
  OPTkey =       {},
  OPTmonth =     {},
  OPTyear =      {},
  OPTannote =    {}
}

@Article{McCarthy_2008,
  author       = {McCarthy, Mark I. and Abecasis, Gonçalo R. and Cardon, Lon R.
                  and Goldstein, David B. and Little, Julian and Ioannidis, John
                  P. A. and Hirschhorn, Joel N.},
  title        = {Genome-wide association studies for complex traits: consensus,
                  uncertainty and challenges},
  year         = 2008,
  volume       = 9,
  number       = 5,
  month        = {May},
  pages        = {356–369},
  issn         = {1471-0064},
  doi          = {10.1038/nrg2344},
  url          = {http://dx.doi.org/10.1038/nrg2344},
  journal      = {Nature Reviews Genetics},
  publisher    = {Springer Nature}
}

@Article{Bai_2012,
  author       = {Bai, Jushan and Li, Kunpeng},
  title        = {Statistical analysis of factor models of high dimension},
  year         = 2012,
  volume       = 40,
  number       = 1,
  month        = {Feb},
  pages        = {436–465},
  issn         = {0090-5364},
  doi          = {10.1214/11-aos966},
  url          = {http://dx.doi.org/10.1214/11-aos966},
  journal      = {The Annals of Statistics},
  publisher    = {Institute of Mathematical Statistics}
}

@article{Tibshirani_1996,
  title={Regression shrinkage and selection via the lasso},
  author={Tibshirani, Robert},
  journal={Journal of the Royal Statistical Society. Series B (Methodological)},
  pages={267--288},
  year={1996},
  publisher={JSTOR}
}

@article{bach2008consistency,
  title={Consistency of trace norm minimization},
  author={Bach, Francis R},
  journal={Journal of Machine Learning Research},
  volume={9},
  number={Jun},
  pages={1019--1048},
  year={2008}
}

@Article{Friedman_2007,
  author       = {Friedman, Jerome and Hastie, Trevor and Höfling, Holger and
                  Tibshirani, Robert},
  title        = {Pathwise coordinate optimization},
  year         = 2007,
  volume       = 1,
  number       = 2,
  month        = {Dec},
  pages        = {302–332},
  issn         = {1932-6157},
  doi          = {10.1214/07-aoas131},
  url          = {http://dx.doi.org/10.1214/07-aoas131},
  journal      = {The Annals of Applied Statistics},
  publisher    = {Institute of Mathematical Statistics}
}

@Article{Lange_2013,
  author       = {Lange, Kenneth},
  title        = {Optimization},
  year         = 2013,
  issn         = {1431-875X},
  doi          = {10.1007/978-1-4614-5838-8},
  url          = {http://dx.doi.org/10.1007/978-1-4614-5838-8},
  isbn         = {978-1-4614-5838-8},
  journal      = {Springer Texts in Statistics},
  publisher    = {Springer New York}
}

@Article{Chen_2011,
  author       = {Chen, Hanbo and Boutros, Paul C},
  title        = {VennDiagram: a package for the generation of
                  highly-customizable Venn and Euler diagrams in R},
  year         = 2011,
  volume       = 12,
  number       = 1,
  pages        = 35,
  issn         = {1471-2105},
  doi          = {10.1186/1471-2105-12-35},
  url          = {http://dx.doi.org/10.1186/1471-2105-12-35},
  journal      = {BMC Bioinformatics},
  publisher    = {Springer Nature}
}

@Book{Nocedal06,
  Title                    = {Numerical Optimization, second edition},
  Annote                   = {SIGNATUR = 2010-28386},
  Author                   = {Jorge Nocedal and Stephen J. Wright},
  Keywords                 = {FUNDAMENTALS},
  Publisher                = {World Scientific},
  Year                     = {2006},

  Aquired                  = {2010},
  Place                    = {Favoritenstrasse 9/4th Floor/1863}
}


@Article{Tseng_2001,
  author       = {Tseng, P.},
  title        = {Convergence of a Block Coordinate Descent Method for
                  Nondifferentiable Minimization},
  year         = 2001,
  volume       = 109,
  number       = 3,
  month        = {Jun},
  pages        = {475–494},
  issn         = {1573-2878},
  doi          = {10.1023/a:1017501703105},
  url          = {http://dx.doi.org/10.1023/a:1017501703105},
  journal      = {Journal of Optimization Theory and Applications},
  publisher    = {Springer Nature}
}

@article{choi2014selecting,
  title={Selecting the number of principal components: Estimation of the true rank of a noisy matrix},
  author={Choi, Yunjin and Taylor, Jonathan and Tibshirani, Robert},
  journal={arXiv preprint arXiv:1410.8260},
  year={2014}
}


@incollection{jolliffe1986principal,
  title={Principal Component Analysis},
  author={Jolliffe, Ian T},
  booktitle={Principal component analysis},
  pages={115--128},
  year={1986},
  publisher={Springer}
}

@article{cipra2000best,
  title={The best of the 20th century: Editors name top 10 algorithms},
  author={Cipra, Barry A},
  journal={SIAM news},
  volume={33},
  number={4},
  pages={1--2},
  year={2000}
}

@article{wu2008top,
  title={Top 10 algorithms in data mining},
  author={Wu, Xindong and Kumar, Vipin and Quinlan, J Ross and Ghosh, Joydeep and Yang, Qiang and Motoda, Hiroshi and McLachlan, Geoffrey J and Ng, Angus and Liu, Bing and Philip, S Yu and others},
  journal={Knowledge and information systems},
  volume={14},
  number={1},
  pages={1--37},
  year={2008},
  publisher={Springer}
}

@Article{Eckart_1936,
  author       = {Eckart, Carl and Young, Gale},
  title        = {The approximation of one matrix by another of lower rank},
  year         = 1936,
  volume       = 1,
  number       = 3,
  month        = {Sep},
  pages        = {211–218},
  issn         = {1860-0980},
  doi          = {10.1007/bf02288367},
  url          = {http://dx.doi.org/10.1007/bf02288367},
  journal      = {Psychometrika},
  publisher    = {Springer Nature}
}

@Article{Balding_2006,
  author       = {Balding, David J.},
  title        = {A tutorial on statistical methods for population association
                  studies},
  year         = 2006,
  volume       = 7,
  number       = 10,
  month        = {Oct},
  pages        = {781–791},
  issn         = {1471-0064},
  doi          = {10.1038/nrg1916},
  url          = {http://dx.doi.org/10.1038/nrg1916},
  journal      = {Nature Reviews Genetics},
  publisher    = {Springer Nature}
}

@Article{Slonim_2002,
  author       = {Slonim, Donna K.},
  title        = {From patterns to pathways: gene expression data analysis comes
                  of age},
  year         = 2002,
  volume       = 32,
  number       = {Supp},
  month        = {Dec},
  pages        = {502–508},
  issn         = {1061-4036},
  doi          = {10.1038/ng1033},
  url          = {http://dx.doi.org/10.1038/ng1033},
  journal      = {Nature Genetics},
  publisher    = {Springer Nature}
}


@book{fisher1937design,
  title={The design of experiments},
  author={Fisher, Ronald Aylmer},
  year={1937},
  publisher={Oliver And Boyd; Edinburgh; London}
}



@Article{Chen_2017,
  author       = {Chen, Jun and Behnam, Ehsan and Huang, Jinyan and Moffatt,
                  Miriam F. and Schaid, Daniel J. and Liang, Liming and Lin,
                  Xihong},
  title        = {Fast and robust adjustment of cell mixtures in epigenome-wide
                  association studies with SmartSVA},
  year         = 2017,
  volume       = 18,
  number       = 1,
  month        = {May},
  issn         = {1471-2164},
  doi          = {10.1186/s12864-017-3808-1},
  url          = {http://dx.doi.org/10.1186/s12864-017-3808-1},
  journal      = {BMC Genomics},
  publisher    = {Springer Nature}
}


@Article{Gagnon_Bartsch_2011,
  author       = {Gagnon-Bartsch, J. A. and Speed, T. P.},
  title        = {Using control genes to correct for unwanted variation in
                  microarray data},
  year         = 2011,
  volume       = 13,
  number       = 3,
  month        = {Nov},
  pages        = {539–552},
  issn         = {1468-4357},
  doi          = {10.1093/biostatistics/kxr034},
  url          = {http://dx.doi.org/10.1093/biostatistics/kxr034},
  journal      = {Biostatistics},
  publisher    = {Oxford University Press (OUP)}
}


@Article{Vilhj_lmsson_2012,
  author       = {Vilhjálmsson, Bjarni J. and Nordborg, Magnus},
  title        = {The nature of confounding in genome-wide association studies},
  year         = 2012,
  volume       = 14,
  number       = 1,
  month        = {Nov},
  pages        = {1–2},
  issn         = {1471-0064},
  doi          = {10.1038/nrg3382},
  url          = {http://dx.doi.org/10.1038/nrg3382},
  journal      = {Nature Reviews Genetics},
  publisher    = {Springer Nature}
}

@Article{Lazar_2012,
  author       = {Lazar, C. and Meganck, S. and Taminau, J. and Steenhoff, D.
                  and Coletta, A. and Molter, C. and Weiss-Solis, D. Y. and
                  Duque, R. and Bersini, H. and Nowe, A.},
  title        = {Batch effect removal methods for microarray gene expression
                  data integration: a survey},
  year         = 2012,
  volume       = 14,
  number       = 4,
  month        = {Jul},
  pages        = {469–490},
  issn         = {1477-4054},
  doi          = {10.1093/bib/bbs037},
  url          = {http://dx.doi.org/10.1093/bib/bbs037},
  journal      = {Briefings in Bioinformatics},
  publisher    = {Oxford University Press (OUP)}
}

@Article{Kang_2008,
  author       = {Kang, H. M. and Zaitlen, N. A. and Wade, C. M. and Kirby, A.
                  and Heckerman, D. and Daly, M. J. and Eskin, E.},
  title        = {Efficient Control of Population Structure in Model Organism
                  Association Mapping},
  year         = 2008,
  volume       = 178,
  number       = 3,
  month        = {Feb},
  pages        = {1709–1723},
  issn         = {0016-6731},
  doi          = {10.1534/genetics.107.080101},
  url          = {http://dx.doi.org/10.1534/genetics.107.080101},
  journal      = {Genetics},
  publisher    = {Genetics Society of America}
}

@article{gagnon2013removing,
  title={Removing unwanted variation from high dimensional data with negative controls},
  author={Gagnon-Bartsch, Johann A and Jacob, Laurent and Speed, Terence P},
  journal={Berkeley: Tech Reports from Dep Stat Univ California},
  pages={1--112},
  year={2013}
}

@Article{Goldberger_1972,
  author       = {Goldberger, Arthur S.},
  title        = {Structural Equation Methods in the Social Sciences},
  year         = 1972,
  volume       = 40,
  number       = 6,
  month        = {Nov},
  pages        = 979,
  issn         = {0012-9682},
  doi          = {10.2307/1913851},
  url          = {http://dx.doi.org/10.2307/1913851},
  journal      = {Econometrica},
  publisher    = {JSTOR}
}


@Article{Storey_2011,
  author       = {Storey, John D.},
  title        = {False Discovery Rate},
  year         = 2011,
  pages        = {504–508},
  doi          = {10.1007/978-3-642-04898-2_248},
  url          = {http://dx.doi.org/10.1007/978-3-642-04898-2_248},
  isbn         = {978-3-642-04898-2},
  journal      = {International Encyclopedia of Statistical Science},
  publisher    = {Springer Berlin Heidelberg}
}

@Article{Gujral_2012,
  author       = {Gujral, Naiyana},
  title        = {Celiac disease: Prevalence, diagnosis, pathogenesis and
                  treatment},
  year         = 2012,
  volume       = 18,
  number       = 42,
  pages        = 6036,
  issn         = {1007-9327},
  doi          = {10.3748/wjg.v18.i42.6036},
  url          = {http://dx.doi.org/10.3748/wjg.v18.i42.6036},
  journal      = {World Journal of Gastroenterology},
  publisher    = {Baishideng Publishing Group Inc.}
}

@Article{MacArthur_2016,
  author       = {MacArthur, Jacqueline and Bowler, Emily and Cerezo, Maria and
                  Gil, Laurent and Hall, Peggy and Hastings, Emma and Junkins,
                  Heather and McMahon, Aoife and Milano, Annalisa and Morales,
                  Joannella and et al.},
  title        = {The new NHGRI-EBI Catalog of published genome-wide association
                  studies (GWAS Catalog)},
  year         = 2016,
  volume       = 45,
  number       = {D1},
  month        = {Nov},
  pages        = {D896–D901},
  issn         = {1362-4962},
  doi          = {10.1093/nar/gkw1133},
  url          = {http://dx.doi.org/10.1093/nar/gkw1133},
  journal      = {Nucleic Acids Research},
  publisher    = {Oxford University Press (OUP)}
}

@Article{Darwin,
  author       = {Darwin, Charles},
  title        = {On the origin of species by means of natural selection, or,
                  The preservation of favoured races in the struggle for life.},
  year         = 1859,
  doi          = {10.5962/bhl.title.2109},
  url          = {http://dx.doi.org/10.5962/bhl.title.2109},
  publisher    = {John Murray}
}

@Article{fick17_world,
  DATE_ADDED =   {Tue Aug 29 11:11:33 2017},
  author =       {Fick, Stephen E. and Hijmans, Robert J.},
  doi =          {10.1002/joc.5086},
  issn =         {0899-8418},
  journal =      {International Journal of Climatology},
  month =        {May},
  publisher =    {Wiley-Blackwell},
  title =        {Worldclim 2: New 1-km Spatial Resolution Climate Surfaces for
                  Global Land Areas},
  url =          {https://doi.org/10.1002/joc.5086},
  year =         2017,
}

@Article{Durand_2014,
  author       = {Durand, Eric Y and Do, Chuong B and Mountain, Joanna L and
                  Macpherson, J. Michael},
  title        = {Ancestry Composition: A Novel, Efficient Pipeline for Ancestry
                  Deconvolution},
  year         = 2014,
  month        = {Oct},
  doi          = {10.1101/010512},
  url          = {http://dx.doi.org/10.1101/010512},
  publisher    = {Cold Spring Harbor Laboratory}
}

@Article{Wolpert_1997,
  author       = {Wolpert, D.H. and Macready, W.G.},
  title        = {No free lunch theorems for optimization},
  year         = 1997,
  volume       = 1,
  number       = 1,
  month        = {Apr},
  pages        = {67–82},
  issn         = {1089-778X},
  doi          = {10.1109/4235.585893},
  url          = {http://dx.doi.org/10.1109/4235.585893},
  journal      = {IEEE Transactions on Evolutionary Computation},
  publisher    = {Institute of Electrical and Electronics Engineers (IEEE)}
}

@Article{McLaren_2016,
  author       = {McLaren, William and Gil, Laurent and Hunt, Sarah E and Riat,
                  Harpreet Singh and Ritchie, Graham R. S. and Thormann, Anja
                  and Flicek, Paul and Cunningham, Fiona},
  title        = {The Ensembl Variant Effect Predictor},
  year         = 2016,
  month        = {Mar},
  doi          = {10.1101/042374},
  url          = {http://dx.doi.org/10.1101/042374},
  publisher    = {Cold Spring Harbor Laboratory}
}

@phdthesis{frichot_thesis,
  TITLE = {{Latent factor models for ecological association studies in population genetics}},
  AUTHOR = {Frichot, Eric},
  URL = {https://tel.archives-ouvertes.fr/tel-01557506},
  NUMBER = {2014GRENS018},
  SCHOOL = {{Universit{\'e} de Grenoble}},
  YEAR = {2014},
  MONTH = Sep,
  KEYWORDS = {Bayesian statistics ; Next generation Sequencing ; Local adaptation ; Population genetic structure ; Latent factor models ; Machine learning ; Mod{\`e}les {\`a} facteurs latents ; Adaptation locale ; Structure g{\'e}n{\'e}tique des populations ; S{\'e}quencage haut-debit ; Statistiques bay{\'e}siennes ; Apprentissage},
  TYPE = {Theses},
  PDF = {https://tel.archives-ouvertes.fr/tel-01557506/file/41820_FRICHOT_2014_archivage.pdf},
  HAL_ID = {tel-01557506},
  HAL_VERSION = {v1},
}